@inproceedings{Brodo2022NNAnalysis,
	author    = {Luca Brodo and Stefan Henkler and Kristian Rother},
	title     = {Analysing the Characteristics of Neural Networks for the Recognition of Sugar Beets},
	booktitle = {7th International Embedded Systems Symposium (IESS)},
	year      = {2022},
	month     = {November},
	address   = {Lippstadt, Germany},
	pages     = {115--126},
	doi       = {10.1007/978-3-031-34214-1_10},
	hal_id    = {hal-04645289}
}
